%% ========================================
%% R
%% ========================================

@book{Kabacoff2011,
	author="R.Kabacoff",
	title="R in Action: Data Analysis and Graphics with R",
	publisher="Mannig Pubns Co",
	year="2011"
}

%% ================================
%% 欠損値
%% ================================

@book{Allison2001,
	author="P.D.Allison",
	title="Missing data",
	publisher="SAGE Publications, Inc.", 
	year="2001"
}

@book{Little2002,
	author="R.J.A.Little and D.B.Rubin",
	title="Statistical analysis with missing data",
	publisher="Wiley-Interscience", 
	year="2002"
}

@book{Enders2010,
	author="C.K.Enders",
	title="Applied missing data analysis",
	publisher="Guilford Press", 
	year="2010"
}

@book{Buuren2012,
	author="S.v.Buuren",
	title="Flexible imputation of missing data",
	publisher="Chapman and Hall/CRC", 
	year="2012"
}

@book{Iwasaki2010,
	author="岩崎 学",
	title="不完全データの統計解析",
	publisher="エコノミスト社", 
	year="2010"
}

@article{Rubin1976,
	author="D.B.Rubin",
	title="Inference and missing data",
	journal="Biometrika",
	volume="63",
	number="3", 
	pages="581--592",
	year="1976"
}

@article{Little1988,
	author="R.J.A. Little",
	title="A test of missing completely at random for multivariate data with missing values",
	journal="Journal of the American Statistical Association",
	volume="83",
	number="404",
	pages="1198--1202",
	year="1988"
}

@article{Buuren2011,
	author="S.v.Buuren and K.G-Oudshoorn",
	title="MICE: Multivariate imputation by chained equations in R",
	journal="Journal of statistical software",
	volume="45",
	number="3",
	pages="1--67",
	year="2011"
}

@article{Bernaards2007,
	author="C.A.Bernaards and T.R.Belin and J.L.Schafer",
	title="Robustness of a multivariate normal approximation for imputation of incomplete binary data",
	journal="Statistics in Medicine",
	volume="26",
	pages="1368-1382",
	year="2007"
}

@article{White2010,
	author="I.R.White and R.Daniel and P.Royston",
	title="Avoiding bias due to perfect prediction in multiple imputation of incomplete categorical variables",
	journal="Computational Statistics \& Data Analysis",
	volume="54",
	number="10",
	pages="2267--2275",
	year="2010"
}

@article{pacman_VIM,
	author="M.Templ and A.Alfons and A.Kowarik and B.Prantner",
	title="Package 'VIM'",
	year="2013"
}

@article{vignette_VIM,
	author="B.Prantner",
	title="Visualization of imputed values using th R-package VIM",
	year="2011"
}

@misc{Murayama2011,
	title={欠損データ分析(missing data analysis) --完全情報最尤推定法と多重代入法--},
	author="村山航",
	howpublished="\url{http://koumurayama.com/koujapanese/missing_data.pdf}",
	year="2011"
}
